@MISC{Sochman07learninga,
    author = {Jan Sochman and Jiri Matas},
    title = {Learning a Fast Emulator of a Binary Decision Process},
    year = {2007}
}



@INPROCEEDINGS{Matas05waldboost-,
    author = {Jan ˇsochman Jiˇrí Matas},
    title = {WaldBoost - Learning for Time Constrained Sequential Detection},
    booktitle = {Proc. of the Conference on Computer Vision and Pattern Recognition},
    year = {2005},
    pages = {150--157}
}

@inproceedings{dalal2005histograms,
  title={Histograms of oriented gradients for human detection},
  author={Dalal, Navneet and Triggs, Bill},
  booktitle={Computer Vision and Pattern Recognition, 2005. CVPR 2005. IEEE Computer Society Conference on},
  volume={1},
  pages={886--893},
  year={2005},
  organization={IEEE}
}


@misc{voc-release5,
 author = "Girshick, R. B. and Felzenszwalb, P. F. and McAllester, D.",
 title = "Discriminatively Trained Deformable Part Models, Release 5",
 howpublished = "http://people.cs.uchicago.edu/~rbg/latent-release5/"}

@article{lsvm-pami,
  title = "Object Detection with Discriminatively Trained Part Based Models",
  author = "Felzenszwalb, P. F. and Girshick, R. B. and McAllester, D. and Ramanan, D.",
  journal = "IEEE Transactions on Pattern Analysis and Machine Intelligence",
  year = "2010", volume = "32", number = "9", pages = "1627--1645"}

@inproceedings{vandeSande:2011:SSS:2355573.2356474,
 author = {van de Sande, Koen E.  A. and Uijlings, Jasper R.  R. and Gevers, Theo and Smeulders, Arnold W.  M.},
 title = {Segmentation As Selective Search for Object Recognition},
 booktitle = {Proceedings of the 2011 International Conference on Computer Vision},
 series = {ICCV '11},
 year = {2011},
 isbn = {978-1-4577-1101-5},
 pages = {1879--1886},
 numpages = {8},
 url = {http://dx.doi.org/10.1109/ICCV.2011.6126456},
 doi = {10.1109/ICCV.2011.6126456},
 acmid = {2356474},
 publisher = {IEEE Computer Society},
 address = {Washington, DC, USA},
} 

@inproceedings{Wang:2013:RGO:2586117.2587017,
 author = {Wang, Xiaoyu and Yang, Ming and Zhu, Shenghuo and Lin, Yuanqing},
 title = {Regionlets for Generic Object Detection},
 booktitle = {Proceedings of the 2013 IEEE International Conference on Computer Vision},
 series = {ICCV '13},
 year = {2013},
 isbn = {978-1-4799-2840-8},
 pages = {17--24},
 numpages = {8},
 url = {http://dx.doi.org/10.1109/ICCV.2013.10},
 doi = {10.1109/ICCV.2013.10},
 acmid = {2587017},
 publisher = {IEEE Computer Society},
 address = {Washington, DC, USA},
 keywords = {Regionlet, Object Detection, DPM, Deformation, Subcategory, PASCAL, ImageNet, Detection},
} 

@MISC{Viola01rapidobject,
    author = {Paul Viola and Michael Jones},
    title = {Rapid object detection using a boosted cascade of simple features },
    year = {2001}
}

@INPROCEEDINGS{Matas05waldboost-,
    author = {Jan ˇsochman Jiˇrí Matas},
    title = {WaldBoost - Learning for Time Constrained Sequential Detection},
    booktitle = {Proc. of the Conference on Computer Vision and Pattern Recognition},
    year = {2005},
    pages = {150--157}
}

@INPROCEEDINGS{Freund99ashort,
    author = {Yoav Freund and Robert E. Schapire},
    title = {A Short Introduction to Boosting},
    booktitle = {In Proceedings of the Sixteenth International Joint Conference on Artificial Intelligence},
    year = {1999},
    pages = {1401--1406},
    publisher = {Morgan Kaufmann}
}

@Book{Wald:1947,
  author =       "Wald, Abraham",
  title =        "Sequential Analysis",
  publisher =    "John Wiley and Sons",
  year =         "1947",
  edition =   "1st",
  url = "http://books.google.com/books?id=oVYDHHzZtdIC&printsec=frontcover&dq=editions:oVYDHHzZtdIC&hl=en&ei=P5zFTYbWNdK1twe1sfCYBA&sa=X&oi=book_result&ct=book-thumbnail&resnum=1&ved=0CCwQ6wEwAA#v=onepage&q&f=false",
  bib2html_rescat = "Bandits",
}
